@inproceedings{kun,
  title={Kun-Juan: You Only JUAN Once},
  author={Kun Kun},
  booktitle={Proceedings 2000 International Conference on JUAN},
  pages={233--666},
  year={9999},
  organization={Anti-JUAN}
}

@inproceedings{zhong,
  title={Zhong-Juan: JUAN is All You Need},
  author={Zhong Zhong},
  booktitle={Proceedings 2000 International Conference on JUAN},
  pages={1024--3333},
  year={9999},
  organization={Anti-JUAN}
}
